@TechReport{functional,
author = {Thiago Alves},
title = {Functional specification for DevQt General Editor},
institution = {DevQt Development Team},
year = {2006},
}

@Book{designPatterns,
author = {Ganna, E. and Helm, R. and Johnson, R. and Vlissides, J.},
title = {Design patterns - elements of reusable object-oriented software},
publisher = {Addison Wesley},
year = {2000},
}

@Manual{qtDoc,
title = {Qt Library Online Documentation},
organization = {Trolltech},
edition = {4.1.1},
month = {february},
year = {2006},
}
